Untuk setiap referensi, baris pertama (Newton1687) merupakan label dan baris-baris berikutnya
merupakan atribut dari referensi yang akan digunakan. Umumnya, format referensi berikut sudah
disediakan oleh penyedia sumber referensi secara online dan bisa langsung digunakan di sini.

Lihat https://www.bibtex.com/g/bibtex-format/ untuk informasi lebih lanjut mengenai format
BibTex yang digunakan pada file ini.

@inproceedings{6830928,
  author={AlJahdali, Hussain and Albatli, Abdulaziz and Garraghan, Peter and Townend, Paul and Lau, Lydia and Xu, Jie},
  booktitle={2014 IEEE 8th International Symposium on Service Oriented System Engineering}, 
  title={Multi-tenancy in Cloud Computing}, 
  year={2014},
  volume={},
  number={},
  pages={344-351},
  keywords={Security;Cloud computing;Resource management;Computational modeling;Virtualization;Databases;Servers;Cloud Computing;Security;Multi-Tenancy;Attack Models;Cloud Data},
  doi={10.1109/SOSE.2014.50}}

