
@misc{noauthor_multi-tenancy_nodate,
	title = {Multi-tenancy},
	url = {https://kubernetes.io/docs/concepts/security/multi-tenancy/},
	abstract = {This page provides an overview of available configuration options and best practices for cluster multi-tenancy.
Sharing clusters saves costs and simplifies administration. However, sharing clusters also presents challenges such as security, fairness, and managing noisy neighbors.
Clusters can be shared in many ways. In some cases, different applications may run in the same cluster. In other cases, multiple instances of the same application may run in the same cluster, one for each end user.},
	language = {en},
	urldate = {2024-11-29},
	journal = {Kubernetes},
	note = {Section: docs},
	file = {Snapshot:/home/urdhanaka/Zotero/storage/HQ4LBXWT/multi-tenancy.html:text/html},
}
